<?xml version="1.0" encoding="UTF-8"?><collection xmlns="http://www.loc.gov/MARC21/slim"><record><leader>00402nam--2200145-i-4500</leader><controlfield tag="001">000012828</controlfield><controlfield tag="002">20161230</controlfield><controlfield tag="005">20170222182510</controlfield><controlfield tag="008">060222s1000------------r-----000-0-eng-d</controlfield><datafield ind1=" " ind2=" " tag="100"><subfield code="a">Dazord, Pierre</subfield></datafield><datafield ind1=" " ind2=" " tag="245"><subfield code="a">Proprietes globales des geodesiques des espaces de finsler</subfield><subfield code="b">theses</subfield></datafield><datafield ind1=" " ind2=" " tag="260"><subfield code="a">Lyon</subfield><subfield code="b">Faculte Des Sciences</subfield><subfield code="c">1969</subfield></datafield><datafield ind1=" " ind2=" " tag="300"><subfield code="a">35 p</subfield></datafield><datafield ind1=" " ind2=" " tag="852"><subfield code="a">46430</subfield><subfield code="c">515/516</subfield></datafield><datafield ind1=" " ind2=" " tag="CAT"><subfield code="a">SYS</subfield><subfield code="c">20170222</subfield><subfield code="h">182510</subfield></datafield></record></collection>